@misc{polyvia,
    author = {{Polyvia Formation}},
    title = {Les composites, c’est quoi ?},
    year = {s. d.},
    note = {Polyvia Formation : formations plasturgie et composites en France},
    url = {https://www.polyvia-formation.fr/actualites/la-plasturgie-cest-quoi/les-composites-cest-quoi}
}

@misc{zhendi,
    author = {Qinhuangdao Zhendi New Material Technology Co., Ltd},
    title = {Histoire des matériaux composites - Connaissances},
    year = {s. d.},
    note = {PRF Panneaux, PRF machine, Fibre de verre Feuille Fabrication Ligne Fournisseurs, Fabricants, Usine - ZHENDI},
    url = {https://fr.dinuofrp.com/info/history-of-composite-materials-74691939.html}
}

@article{mayer2019a,
    author = {Mayer, N.},
    title = {Les matériaux composites sont-ils recyclables ?},
    year = {2019},
    month = {mars},
    note = {Futura},
    url = {https://www.futura-sciences.com/planete/questions-reponses/developpement-durable-materiaux-composites-sont-ils-recyclables-11036/}
}

@article{mayer2019b,
    author = {Mayer, N.},
    title = {Matériaux composites : quels avantages pour l’industrie ?},
    year = {2019},
    month = {mars},
    note = {Futura},
    url = {https://www.futura-sciences.com/sciences/questions-reponses/physique-materiaux-composites-avantages-industrie-11064/}
}

@misc{almet2020,
    author = {Almet},
    title = {Propriétés physiques des alliages d’aluminium typiques},
    year = {2020},
    url = {https://almet-metal.com/wp-content/uploads/2020/02/alu-proprietes-physiques-typiques.pdf},
}
